@book{costello:fune,
	author	= {Costello, George A.},
	title		= {Theory of wire rope},
	publisher	= {Springer},
	date		= {1997},
	edition 	= {2},
	location 	= {New York},
}
