@book{law:ntc2018,
	author	= {Ministero delle Infrastrutture e dei Trasporti},
	title		= {Decreto 17 gennaio 2018},
	publisher	= {Gazzetta Ufficiale},
	location 	= {Roma},
}

@book{law:circ2019,
	author	= {Ministero delle Infrastrutture e dei Trasporti},
	title		= {Circolare 21 gennaio 2019, n. 7 C.S.LL.PP.},
	publisher	= {Gazzetta Ufficiale},
	location 	= {Roma},
}

@book{law:ec2,
	author	= {European Committee for Standardization},
	title		= {Eurocode 2: Design of concrete
structures},
	publisher	= {The European Union},   
}

